Automatically generated by Mendeley 1.8.4
Any changes to this file will be lost if it is regenerated by Mendeley.

@article{Kim2012,
author = {Kim, YoungHee and Miller, Meghan S. and Pearce, Frederick and Clayton, Robert W.},
doi = {10.1029/2012GC004033},
file = {:Users/justinvasel/Library/Application Support/Mendeley Desktop/Downloaded/Kim et al. - 2012 - Seismic imaging of the Cocos plate subduction zone system in central Mexico.pdf:pdf},
issn = {15252027},
journal = {Geochemistry, Geophysics, Geosystems},
keywords = {1031,3060,3613,7220 seismology,8170 tectonophysics,8185 tectonophysics,8413,accepted 4 june 2012,index terms,inversion,mantle wedge,mexico,oceanic crust,published 7 july 2012,received 9 january 2012,revised 29 may 2012,subduction zone,subduction zone processes,volcanic arc,volcanic arcs},
month = jul,
number = {7},
pages = {n/a--n/a},
title = {{Seismic imaging of the Cocos plate subduction zone system in central Mexico}},
url = {http://doi.wiley.com/10.1029/2012GC004033},
volume = {13},
year = {2012}
}
@article{Astiz1993,
author = {Astiz, Luciana},
file = {:Users/justinvasel/Library/Application Support/Mendeley Desktop/Downloaded/Astiz - 1993 - Estimation of strong ground motions in mexico city expected for large earthquakes in the g u e r r e r o seismic gap by hiroo.pdf:pdf},
journal = {Bulletin of the Seismological Society of America},
number = {3},
pages = {811--829},
title = {{Estimation of strong ground motions in mexico city expected for large earthquakes in the g u e r r e r o seismic gap by hiroo}},
volume = {83},
year = {1993}
}
@article{Kim2010,
author = {Kim, Y. and Clayton, R. W. and Jackson, J. M.},
doi = {10.1029/2009JB006942},
file = {:Users/justinvasel/Library/Application Support/Mendeley Desktop/Downloaded/Kim, Clayton, Jackson - 2010 - Geometry and seismic properties of the subducting Cocos plate in central Mexico.pdf:pdf},
issn = {0148-0227},
journal = {Journal of Geophysical Research},
month = jun,
number = {B6},
pages = {B06310},
title = {{Geometry and seismic properties of the subducting Cocos plate in central Mexico}},
url = {http://www.agu.org/pubs/crossref/2010/2009JB006942.shtml},
volume = {115},
year = {2010}
}
