@article{PDG,
      author         = "Beringer, J. et. al.",
      title          = "{Review of Particle Physics (RPP)}",
      collaboration  = "Particle Data Group",
      journal        = "Phys.Rev.",
      volume         = "D86",
      pages          = "010001",
      doi            = "10.1103/PhysRevD.86.010001",
      year           = "2012"
}

@ARTICLE{first_nu_detection,
   author = {{Cowan}, Jr., C.~L. and {Reines}, F. and {Harrison}, F.~B. and 
	{Kruse}, H.~W. and {McGuire}, A.~D.},
    title = "{Detection of the Free Neutrino: A Confirmation}",
  journal = {Science},
     year = 1956,
    month = jul,
   volume = 124,
    pages = {103-104},
      doi = {10.1126/science.124.3212.103},
   adsurl = {http://adsabs.harvard.edu/abs/1956Sci...124..103C},
  adsnote = {Provided by the SAO/NASA Astrophysics Data System}
}

@ARTICLE{proton_mass,
   author = {{Mohr}, P.~J. and {Taylor}, B.~N. and {Newell}, D.~B.},
    title = "{CODATA recommended values of the fundamental physical constants: 2010}",
  journal = {Reviews of Modern Physics},
archivePrefix = "arXiv",
   eprint = {1203.5425},
 primaryClass = "physics.atom-ph",
 keywords = {Determination of fundamental constants, Quantum electrodynamics},
     year = 2012,
    month = oct,
   volume = 84,
    pages = {1527-1605},
      doi = {10.1103/RevModPhys.84.1527},
   adsurl = {http://adsabs.harvard.edu/abs/2012RvMP...84.1527M},
  adsnote = {Provided by the SAO/NASA Astrophysics Data System}
}

@ARTICLE{baksan1987a,
   author = {{Alekseev}, E.~N. and {Alekseeva}, L.~N. and {Volchenko}, V.~I. and 
	{Krivosheina}, I.~V.},
    title = "{Possible detection of a neutrino signal on February 23, 1987 with the Baksan underground scintillation telescope of the Nuclear Research Institute of the Soviet Academy of Sciences}",
  journal = {Pisma v Zhurnal Eksperimentalnoi i Teoreticheskoi Fiziki},
 keywords = {NEUTRINOS, SCINTILLATION COUNTERS, STELLAR RADIATION, SUPERNOVAE, CERENKOV COUNTERS, RADIATION MEASUREMENT},
     year = 1987,
    month = may,
   volume = 45,
    pages = {461-464},
   adsurl = {http://adsabs.harvard.edu/abs/1987PZETF..45..461A},
  adsnote = {Provided by the SAO/NASA Astrophysics Data System}
}